%clanok v casopise

@misc{Turner2020,
    author = {Ash Turner},
    title = {HOW MANY SMARTPHONES ARE IN THE WORLD?} ,
    note = {Online; accessed November 2020} ,
    year={2020},
    url = {https://www.bankmycell.com/blog/how-many-phones-are-in-the-world}},
}
@book{Perrota,
	author = {Perrotta and  Featherstone and Aston and Houghton },
	title = {Game-based Learning: Latest Evidence and Future Directions},
	year = {2013} , 
	publisher = {National Foundation for Educational Research} , 
	ISBN = {978-1-908666-60-4} , 
}
@article {Licorish,
    doi = {10.1186/s41039-018-0078-8} ,
    author = {Licorish and Owen and Daniel } ,
    title = {Students’ perception of Kahoot!’s influence on teaching and learning}, 
    year = {2018}, 
    month = {July}, 
    url = {https://doi.org/10.1186/s41039-018-0078-8}
    }
@misc{Lauren, 
    author = {Lauren Hodson} , 
    title = {Technology Review: Kahoot! In the Classroom} , 
    note ={Online; accesed January 2017}, 
    year ={2017}, 
     url= {https://artsintegration.com/2017/01/06/technology-review-kahoot-classroom/} , 
    
}
@article{WANG2020,
title = "The effect of using Kahoot! for learning – A literature review",
journal = "Computers \& Education",
volume = "149",
pages = "103818",
year = "2020",
issn = "0360-1315",
doi = "https://doi.org/10.1016/j.compedu.2020.103818",
url = "http://www.sciencedirect.com/science/article/pii/S0360131520300208",
author = "Alf Inge Wang and Rabail Tahir",
}    
@misc{nevyhoda, 
title ={Kahoot! In Classrooms – Pros and Cons} , 
author ={GCarill}, 
note = {Online; accessed September 2019},
year ={2019}, 
url = {https://forartanded.opened.ca/2019/09/20/kahoot-in-classrooms-pros-and-cons/}

}